<?xml version="1.0" encoding="UTF-8"?><record xmlns="http://www.loc.gov/MARC21/slim" xmlns:cinclude="http://apache.org/cocoon/include/1.0" xmlns:zs="http://www.loc.gov/zing/srw/">
  <leader>00408cz  a2200133n  4500</leader>
  <controlfield tag="001">n  98046307 </controlfield>
  <controlfield tag="003">DLC</controlfield>
  <controlfield tag="005">20001116034244.0</controlfield>
  <controlfield tag="008">980519n| acannaabn          |n aaa      </controlfield>
  <datafield tag="010" ind1=" " ind2=" ">
    <subfield code="a">n  98046307 </subfield>
  </datafield>
  <datafield tag="035" ind1=" " ind2=" ">
    <subfield code="a">(OCoLC)oca04733263</subfield>
  </datafield>
  <datafield tag="040" ind1=" " ind2=" ">
    <subfield code="a">DLC</subfield>
    <subfield code="b">eng</subfield>
    <subfield code="c">DLC</subfield>
    <subfield code="d">OCoLC</subfield>
    <subfield code="d">DLC-R</subfield>
  </datafield>
  <datafield tag="100" ind1="1" ind2=" ">
    <subfield code="a">Hernaﾌ］dez, Miguel,</subfield>
    <subfield code="d">1910-1942.</subfield>
    <subfield code="t">Quieﾌ］ te ha visto y quieﾌ］ te ve</subfield>
  </datafield>
  <datafield tag="670" ind1=" " ind2=" ">
    <subfield code="a">El auto sacramental de Miguel Hernaﾌ］dez, 1990.</subfield>
  </datafield>
</record>